<record><leader>00000cas a22000007a 4500</leader><controlfield tag="001">19575988</controlfield><controlfield tag="008">890420c19349999maudr ne      0    0eng d</controlfield><datafield ind1=" " ind2=" " tag="010"><subfield code="a">sn 89062021 </subfield></datafield><datafield ind1=" " ind2=" " tag="040"><subfield code="a">MGN</subfield><subfield code="b">eng</subfield><subfield code="c">MGN</subfield><subfield code="d">OCLCQ</subfield></datafield><datafield ind1=" " ind2=" " tag="042"><subfield code="a">msc</subfield></datafield><datafield ind1="0" ind2="0" tag="245"><subfield code="a">Athol daily news.</subfield></datafield><datafield ind1=" " ind2=" " tag="260"><subfield code="a">Athol, Mass. :</subfield><subfield code="b">Lincoln O'Brien</subfield></datafield><datafield ind1=" " ind2=" " tag="300"><subfield code="a">v.</subfield></datafield><datafield ind1=" " ind2=" " tag="310"><subfield code="a">Daily</subfield></datafield><datafield ind1="0" ind2=" " tag="362"><subfield code="a">Vol. 1, no. 1 (Nov. 1, 1934)-</subfield></datafield><datafield ind1=" " ind2=" " tag="752"><subfield code="a">United States</subfield><subfield code="b">Massachusetts</subfield><subfield code="c">Worcester</subfield><subfield code="d">Athol.</subfield></datafield><datafield ind1="0" ind2="5" tag="780"><subfield code="t">Athol chronicle</subfield><subfield code="w">(DLC)sn 89062020</subfield></datafield><datafield ind1="0" ind2="5" tag="780"><subfield code="t">Athol transcript</subfield><subfield code="w">(DLC)sn 83002111</subfield></datafield></record>